<record><leader>00000cas a22000004a 4500</leader><controlfield tag="001">47910899</controlfield><controlfield tag="008">010905d17971798nyudn nea     0    0eng d</controlfield><datafield ind1=" " ind2=" " tag="010"><subfield code="a">  2001235296</subfield></datafield><datafield ind1=" " ind2=" " tag="040"><subfield code="a">CLE</subfield><subfield code="c">CLE</subfield><subfield code="d">HLS</subfield><subfield code="d">OCLCQ</subfield><subfield code="d">OCLCG</subfield></datafield><datafield ind1=" " ind2=" " tag="043"><subfield code="a">n-us-ny</subfield></datafield><datafield ind1=" " ind2="4" tag="050"><subfield code="a">AN38.N3</subfield><subfield code="b">M4</subfield></datafield><datafield ind1="0" ind2="0" tag="245"><subfield code="a">Diary and mercantile advertiser</subfield><subfield code="h">[microform].</subfield></datafield><datafield ind1="1" ind2="3" tag="246"><subfield code="a">Mercantile advertiser</subfield></datafield><datafield ind1=" " ind2=" " tag="260"><subfield code="a">New York [N.Y.] :</subfield><subfield code="b">Crookes &amp; Saunders,</subfield><subfield code="c">1797-</subfield></datafield><datafield ind1=" " ind2=" " tag="300"><subfield code="a">v. :</subfield><subfield code="b">ill. (chiefly adv.) ;</subfield><subfield code="c">50 cm.</subfield></datafield><datafield ind1=" " ind2=" " tag="310"><subfield code="a">Daily (except Sun.)</subfield></datafield><datafield ind1="0" ind2=" " tag="362"><subfield code="a">No. 1580 (Mar. 20, 1797)-</subfield></datafield><datafield ind1="1" ind2=" " tag="362"><subfield code="a">Ceased in 1798.</subfield><subfield code="z">Cf. Brigham, C.S. Amer. newspapers.</subfield></datafield><datafield ind1=" " ind2=" " tag="500"><subfield code="a">"Diary and" appears within title ornament.</subfield></datafield><datafield ind1=" " ind2=" " tag="500"><subfield code="a">Publisher: John Crookes, 1797-1798.</subfield></datafield><datafield ind1=" " ind2=" " tag="500"><subfield code="a">References: Evans 32038; Brigham, C.S. Amer. newspapers, p. 627.</subfield></datafield><datafield ind1=" " ind2=" " tag="533"><subfield code="a">Microfilm.</subfield><subfield code="b">New Canaan, Ct. :</subfield><subfield code="c">Readex Microprint Corp.,</subfield><subfield code="e">microfilm reels ; 35 mm.</subfield><subfield code="f">(Early American newspapers).</subfield></datafield><datafield ind1=" " ind2="0" tag="651"><subfield code="a">New York (N.Y.)</subfield><subfield code="v">Newspapers.</subfield></datafield><datafield ind1="1" ind2=" " tag="700"><subfield code="a">Crookes, John,</subfield><subfield code="d">1769?-1818.</subfield></datafield><datafield ind1="1" ind2=" " tag="700"><subfield code="a">Saunders, Robert.</subfield></datafield><datafield ind1=" " ind2=" " tag="752"><subfield code="a">United States</subfield><subfield code="b">New York</subfield><subfield code="c">New York</subfield><subfield code="d">New York.</subfield></datafield><datafield ind1="1" ind2=" " tag="776"><subfield code="a">Diary and mercantile advertiser</subfield><subfield code="w">(DLC)sn 83030159</subfield><subfield code="w">(OCoLC)9363420</subfield></datafield><datafield ind1="0" ind2="0" tag="780"><subfield code="t">Diary (New York, N.Y. : 1796)</subfield><subfield code="w">(DLC)  2001235295</subfield><subfield code="w">(OCoLC)47910633</subfield></datafield><datafield ind1="0" ind2="0" tag="785"><subfield code="t">Mercantile advertiser (New York, N.Y. : 1798)</subfield><subfield code="w">(OCoLC)34291689</subfield></datafield><datafield ind1=" " ind2="0" tag="830"><subfield code="a">Early American newspapers.</subfield></datafield></record>